@Misc{mitre,
  key = {mitre},
  language = {english},
  title = {CVE Reference Map for Source OSVDB},
  url = {https://cve.mitre.org/data/refs/refmap/source-OSVDB.html}
}