

@Misc{cve1,
  key = {cve1},
  language = {english},
  title = {CVE-2010-2730},
  url = {https://cve.mitre.org/cgi-bin/cvename.cgi?name=CVE-2010-2730}
}

@Misc{cve2,
  key = {cve2},
  language = {english},
  title = {CVE-2010-3972},
  url = {https://cve.mitre.org/cgi-bin/cvename.cgi?name=CVE-2010-3972}
}

@Misc{cve3,
  key = {cve3},
  language = {english},
  title = {CVE-2010-1899},
  url = {https://cve.mitre.org/cgi-bin/cvename.cgi?name=CVE-2010-1899}
}

@Misc{cve4,
  key = {cve4},
  language = {english},
  title = {CVE-2020-1113},
  url = {https://cve.mitre.org/cgi-bin/cvename.cgi?name=CVE-2020-1113}
}

@Misc{cve5,
  key = {cve5},
  language = {english},
  title = {CVE-2018-7445},
  url = {https://cve.mitre.org/cgi-bin/cvename.cgi?name=CVE-2018-7445}
}


@Misc{cve6,
  key = {cve6},
  language = {english},
  title = {CVE-2017-0143},
  url = {https://cve.mitre.org/cgi-bin/cvename.cgi?name=CVE-2017-0143}
}

@Misc{cve7,
  key = {cve7},
  language = {english},
  title = {CVE-2011-2523},
  url = {https://cve.mitre.org/cgi-bin/cvename.cgi?name=CVE-2011-2523}
}

@Misc{cve8,
  key = {cve8},
  language = {english},
  title = { CVE-2008-5161},
  url = {https://cve.mitre.org/cgi-bin/cvename.cgi?name=CVE-2008-5161}
}

@Misc{cve9,
  key = {cve9},
  language = {english},
  title = {CVE-2005-2040},
  url = {https://cve.mitre.org/cgi-bin/cvename.cgi?name=CVE-2005-2040}
}

@Misc{cve10,
  key = {cve10},
  language = {english},
  title = { CVE-2015-4000},
  url = {https://cve.mitre.org/cgi-bin/cvename.cgi?name=CVE-2015-4000}
}

@Misc{cve11,
  key = {cve11},
  language = {english},
  title = {CVE-2008-0122},
  url = {https://cve.mitre.org/cgi-bin/cvename.cgi?name=CVE-2008-0122}
}

@Misc{cve12,
  key = {cve12},
  language = {english},
  title = {CVE-2017-3167},
  url = {https://cve.mitre.org/cgi-bin/cvename.cgi?name=CVE-2017-3167}
}

@Misc{cve13,
  key = {cve13},
  language = {english},
  title = {CVE-2017-8779},
  url = {https://cve.mitre.org/cgi-bin/cvename.cgi?name=CVE-2017-8779}
}

@Misc{cve14,
  key = {cve14},
  language = {english},
  title = {CVE-2023-42670},
  url = {https://cve.mitre.org/cgi-bin/cvename.cgi?name=CVE-2023-42670}
}
@Misc{cve15,
  key = {cve15},
  language = {english},
  title = {CVE-1999-0651},
  url = {https://cve.mitre.org/cgi-bin/cvename.cgi?name=CVE-1999-0651}
}

@Misc{cve16,
  key = {cve16},
  language = {english},
  title = {CVE-1999-0502 },
  url = {https://cve.mitre.org/cgi-bin/cvename.cgi?name=CVE-1999-0502}
}
@Misc{cve17,
  key = {cve17},
  language = {english},
  title = {CVE-1999-1126},
  url = {https://cve.mitre.org/cgi-bin/cvename.cgi?name=CVE-1999-1126}
}

@Misc{cve18,
  key = {cve18},
  language = {english},
  title = {CVE-1999-1126},
  url = {https://cve.mitre.org/cgi-bin/cvename.cgi?name=CVE-1999-1126}
}
@Misc{cve19,
  key = {cve19},
  language = {english},
  title = {CVE-1999-1126},
  url = {https://cve.mitre.org/cgi-bin/cvename.cgi?name=CVE-1999-1126}
}
@Misc{cve20,
  key = {cve20},
  language = {english},
  title = {CVE-1999-1126},
  url = {https://cve.mitre.org/cgi-bin/cvename.cgi?name=CVE-1999-1126}
}
@Misc{cve21,
  key = {cve21},
  language = {english},
  title = {CVE-1999-1126},
  url = {https://cve.mitre.org/cgi-bin/cvename.cgi?name=CVE-1999-1126}
}

@Misc{cve22,
  key = {cve22},
  language = {english},
  title = {CVE-2002-1511},
  url = {https://cve.mitre.org/cgi-bin/cvename.cgi?name=CVE-2002-1511}
}

@Misc{cve23,
  key = {cve23},
  language = {english},
  title = {CVE-2010-2075},
  url = {https://cve.mitre.org/cgi-bin/cvename.cgi?name=CVE-2010-2075}
}
@Misc{cve24,
  key = {cve24},
  language = {english},
  title = {CVE-2020-1938},
  url = {https://cve.mitre.org/cgi-bin/cvename.cgi?name=CVE-2020-1938}
}
@Misc{cve25,
  key = {cve25},
  language = {english},
  title = {CVE-2005-2090},
  url = {https://cve.mitre.org/cgi-bin/cvename.cgi?name=CVE-2005-2090}
}